@article{Vivier1997Africa,
    title = {{( Microchiroptera : Molossidae ), in the eastern Transvaal , South Africa}},
    year = {1997},
    author = {Vivier, L},
    pages = {507--521}
}

@article{VanderMerweN.J.Rautenbach1988AVespertilionidae,
    title = {{A new pattern of early embryonic development in the seasonally breeding non-hibernating lesser yellow house bat, Scotophilus borbonicus (E. Geoffroy, 1803) (Chiroptera: Vespertilionidae)}},
    year = {1988},
    journal = {Annals of the Transvaal Museum},
    author = {Van der Merwe, N.J. Rautenbach, I.L. and Penzhorn, BL},
    number = {24},
    pages = {551--556},
    volume = {34},
    publisher = {Northern Flagship Institute},
    issn = {0041-1752}
}

@article{Bergmans1976AMegachiroptera,
    title = {{A revision of the African genus Myonycteris Matschie, 1899 (Mammalia, Megachiroptera)}},
    year = {1976},
    journal = {Beaufortia},
    author = {Bergmans, W},
    number = {317},
    pages = {189--216},
    volume = {24},
    url = {http://www.repository.naturalis.nl/record/504729%5Cnhttp://www.repository.naturalis.nl/document/548386},
    isbn = {0067-4745},
    issn = {0067-4745}
}

@article{Menzies1973ANigeria,
    title = {{A Study of Leaf-Nosed Bats (Hipposideros caffer and Rhinolophus landeri) in a Cave in Northern Nigeria}},
    year = {1973},
    journal = {Journal of Mammalogy},
    author = {Menzies, J. I.},
    number = {4},
    month = {12},
    pages = {930--945},
    volume = {54},
    url = {https://academic.oup.com/jmammal/article-lookup/doi/10.2307/1379087 http://jmammal.oxfordjournals.org/cgi/doi/10.2307/1379087},
    isbn = {0953604918},
    doi = {10.2307/1379087},
    issn = {1545-1542}
}

@article{vanderMerwe1987AdaptiveS,
    title = {{Adaptive breeding strategies in some South African bats between 22 S and 28 S}},
    year = {1987},
    journal = {South African Journal of Science},
    author = {van der Merwe, Mac},
    pages = {607--609},
    volume = {83},
    isbn = {0038-2353},
    keywords = {Bats, Reproduction, bat}
}

@phdthesis{Mcwilliam1982AdaptiveKenya,
    title = {{Adaptive responses to seasonality in four species of insectivorous bats in costal Kenya}},
    year = {1982},
    author = {Mcwilliam, Andrew N.},
    school = {University of Aberdeen}
}

@article{Bernard1997AfricanDelays,
    title = {{African Bats: Evolution of Reproductive Patterns and Delays}},
    year = {1997},
    journal = {The Quarterly Review of Biology},
    author = {Bernard, R.T.F. and Cumming, G.S.},
    number = {3},
    pages = {253--274},
    volume = {72}
}

@article{Vaughan1987American,
    title = {{American Society of Mammalogists Parental Behavior in the African Yellow-Winged Bat ( Lavia frons )}},
    year = {1987},
    journal = {Journal of Mammalogy},
    author = {Vaughan, Terry A and Vaughan, Rosemary P and Journal, Source and May, No},
    number = {2},
    pages = {217--223},
    volume = {68}
}

@phdthesis{Howell1976AnTanzania,
    title = {{An ecological study of three species of insectivorous bats near Kisarawe, Tanzania}},
    year = {1976},
    author = {Howell, KM},
    school = {University of Dar es Salaam}
}

@article{vanderMerwe2006Aspects1833,
    title = {{Aspects of reproduction in the seasonally breeding African yellow bat, Scotophilus dinganii (A. Smith, 1833)}},
    year = {2006},
    journal = {African Zoology},
    author = {van der Merwe, M. and van der Merwe, N. J. and Penzhorn, B. L.},
    number = {1},
    pages = {67--74},
    volume = {41},
    url = {http://dx.doi.org/10.3377/1562-7020(2006)41[67:AORITS]2.0.CO;2},
    isbn = {1562-7020},
    doi = {10.3377/1562-7020(2006)41[67:AORITS]2.0.CO;2},
    issn = {1562-7020},
    keywords = {african yellow bat, delayed implantation, scotophilus dinganii, vespertilionidae}
}

@article{Vivier2001AspectsAfrica,
    title = {{Aspects of the histology of reproduction in the female Angolan free-tailed bat Mops condylurus (Microchiroptera: Molossidae) in Mpumalanga, South Africa}},
    year = {2001},
    journal = {Journal of Zoology},
    author = {Vivier, L. and van der Merwe, M.},
    number = {4},
    pages = {495--504},
    volume = {254},
    url = {http://doi.wiley.com/10.1017/S0952836901000991},
    isbn = {0952-8369},
    doi = {10.1017/S0952836901000991},
    issn = {09528369},
    keywords = {female angolan free-tailed bat, mops condylurus, reproduction}
}

@article{Leendertz2016AssessingViruses,
    title = {{Assessing the evidence supporting fruit bats as the primary reservoirs for ebola viruses}},
    year = {2016},
    journal = {EcoHealth},
    author = {Leendertz, Siv Aina J. and Gogarten, Jan F. and D{\"{u}}x, Ariane and Calvignac-Spencer, Sebastien and Leendertz, Fabian H.},
    number = {1},
    pages = {18--25},
    volume = {13},
    isbn = {1612-9210 (Electronic){\textbackslash}r1612-9202 (Linking)},
    doi = {10.1007/s10393-015-1053-0},
    issn = {16129210},
    pmid = {26268210}
}

@article{Hill1971BatsExpedition,
    title = {{Bats from Ethiopoa collected by the great Abbai Expedition}},
    year = {1971},
    journal = {Zoology},
    author = {Hill, John Edwards and Morris, Pat},
    number = {2},
    pages = {27--49},
    volume = {21}
}

@book{Monadjem2010BatsAfrica,
    title = {{Bats of southern and central Africa}},
    year = {2010},
    author = {Monadjem, Ara and Taylor, Peter J. and Cotterill, FPD and Schoeman, M. Corrie and Goodman, Steven M.},
    publisher = {Wits University Press},
    isbn = {978-1868145089},
    keywords = {intermediate disturbance habitat gradient}
}

@article{Hayman2015BiannualPopulations,
    title = {{Biannual birth pulses allow filoviruses to persist in bat populations}},
    year = {2015},
    journal = {Proceedings of the Royal Society B: Biological Sciences},
    author = {Hayman, D. T. S.},
    number = {1803},
    pages = {20142591--20142591},
    volume = {282},
    url = {http://rspb.royalsocietypublishing.org/cgi/doi/10.1098/rspb.2014.2591},
    isbn = {0962-8452},
    doi = {10.1098/rspb.2014.2591},
    issn = {0962-8452},
    pmid = {25673678},
    keywords = {ecology, epidemiology, health and disease and}
}

@article{Fayenuwo1974BreedingNigeria,
    title = {{Breeding Cycle of Straw-Colored Fruit Bat, Eidolon helvum, at Ile-Ife, Nigeria}},
    year = {1974},
    journal = {Journal of Mammalogy},
    author = {Fayenuwo, J. O. and Halstead, L. B.},
    number = {2},
    pages = {453--454},
    volume = {55},
    url = {http://jmammal.oxfordjournals.org/cgi/doi/10.2307/1379016},
    doi = {10.2307/1379016},
    issn = {1545-1542}
}

@article{Okia1974BreedingUganda,
    title = {{Breeding in Franquet's Bat, Epomops franqueti (Tomes), in Uganda}},
    year = {1974},
    journal = {Journal of Mammalogy},
    author = {Okia, N. O.},
    number = {2},
    month = {5},
    pages = {462--465},
    volume = {55},
    url = {http://jmammal.oxfordjournals.org/cgi/doi/10.2307/1379020},
    doi = {10.2307/1379020},
    issn = {1545-1542}
}

@article{Monadjem2012BreedingSwaziland,
    title = {{Breeding Season of Epomophorus walhbergi in the Lowveld of Swaziland}},
    year = {2012},
    journal = {African Zoology},
    author = {Monadjem, Ara and Reside, April E.},
    number = {2},
    month = {10},
    pages = {321--325},
    volume = {47},
    url = {http://www.bioone.org/doi/abs/10.3377/004.047.0217},
    doi = {10.3377/004.047.0217},
    issn = {1562-7020},
    keywords = {breeding, epomophorus wahlbergi, fruit bat, swaziland}
}

@book{Smithers1979CheckRhodesia,
    title = {{Check list and atlas of the mammals of Zimbabwe Rhodesia}},
    year = {1979},
    author = {Smithers, Reay H. N. and Wilson, VJ},
    publisher = {Trustees of the National Museums and Monuments}
}

@article{Hassanin2016Comparative20142016,
    title = {{Comparative phylogeography of African fruit bats (Chiroptera, Pteropodidae) provide new insights into the outbreak of Ebola virus disease in West Africa, 2014–2016}},
    year = {2016},
    journal = {Comptes Rendus Biologies},
    author = {Hassanin, Alexandre and Nesi, Nicolas and Marin, Julie and Kadjo, Blaise and Pourrut, Xavier and Leroy, Éric and Gembu, Guy-Crispin and Musaba Akawa, Prescott and Ngoagouni, Carine and Nakoun{\'{e}}, Emmanuel and Ruedi, Manuel and Tshikung, Didier and Pongombo Shongo, Célestin and Bonillo, Céline},
    month = {10},
    pages = {2014--2016},
    url = {http://www.ncbi.nlm.nih.gov/pubmed/27746072 http://linkinghub.elsevier.com/retrieve/pii/S1631069116301287},
    doi = {10.1016/j.crvi.2016.09.005},
    issn = {16310691},
    pmid = {27746072},
    keywords = {Ebolavirus, Filovirus, Guinea, Megachiroptera, Migration, Rainforests, Sub-Saharan Africa}
}

@article{Brown2013DissectingMortality.,
    title = {{Dissecting a wildlife disease hotspot: the impact of multiple host species, environmental transmission and seasonality in migration, breeding and mortality.}},
    year = {2013},
    journal = {Journal of the Royal Society, Interface},
    author = {Brown, V L and Drake, J M and Stallknecht, D E and Brown, J D and Pedersen, K and Rohani, P},
    number = {79},
    pages = {20120804},
    volume = {10},
    url = {http://www.pubmedcentral.nih.gov/articlerender.fcgi?artid=3565696&tool=pmcentrez&rendertype=abstract},
    isbn = {9788861290},
    doi = {10.1098/rsif.2012.0804},
    issn = {1742-5662},
    pmid = {23173198},
    keywords = {Animal, Animal Migration, Animal: physiology, Animals, Biological, Bird Diseases, Bird Diseases: epidemiology, Bird Diseases: transmission, Bird Diseases: virology, Charadriiformes, Delaware, Delaware: epidemiology, Ducks, Influenza in Birds, Influenza in Birds: epidemiology, Influenza in Birds: transmission, Models, Prevalence, Seasons, Sexual Behavior, Species Specificity, Wild, Wild: immunology, Wild: virology}
}

@article{Epstein2013DurationBats,
    title = {{Duration of Maternal Antibodies against Canine Distemper Virus and Hendra Virus in Pteropid Bats}},
    year = {2013},
    journal = {PLoS ONE},
    author = {Epstein, Jonathan H. and Baker, Michelle L. and Zambrana-Torrelio, Carlos and Middleton, Deborah and Barr, Jennifer A. and DuBovi, Edward and Boyd, Victoria and Pope, Brian and Todd, Shawn and Crameri, Gary and Walsh, Allyson and Pelican, Katey and Fielder, Mark D. and Davies, Angela J. and Wang, Lin Fa and Daszak, Peter},
    number = {6},
    pages = {1--8},
    volume = {8},
    isbn = {1932-6203},
    doi = {10.1371/journal.pone.0067584},
    issn = {19326203},
    pmid = {23826322}
}

@book{Kingdon1974EastBats,
    title = {{East African mammals IIA. Insectivores and bats}},
    year = {1974},
    author = {Kingdon, J.},
    publisher = {Academic Press},
    address = {London}
}

@article{Deng1978EbolaTeam,
    title = {{Ebola haemorrhagic fever in Sudan, 1976. Report of a WHO/International Study Team}},
    year = {1978},
    journal = {Bulletin of the World Health Organization},
    author = {Deng, I. M. and Duku, O. and Gillo, A. L.},
    number = {2},
    pages = {247--270},
    volume = {56},
    isbn = {0042-9686 (Print){\textbackslash}r0042-9686 (Linking)},
    doi = {1978;56(2):247-270.},
    issn = {00429686},
    pmid = {307455}
}

@article{Dixon2014Ebola2014.,
    title = {{Ebola viral disease outbreak--West Africa, 2014.}},
    year = {2014},
    journal = {MMWR. Morbidity and mortality weekly report},
    author = {Dixon, Meredith G and Schafer, Ilana J and {Centers for Disease Control and Prevention (CDC)}},
    number = {25},
    month = {6},
    pages = {548--51},
    volume = {63},
    url = {https://www.ncbi.nlm.nih.gov/pmc/articles/PMC5779383/pdf/548-551.pdf http://www.ncbi.nlm.nih.gov/pubmed/24964881 http://www.pubmedcentral.nih.gov/articlerender.fcgi?artid=PMC5779383},
    isbn = {6173202220},
    issn = {1545-861X},
    pmid = {24964881}
}

@article{Olival2013EbolaBangladesh.,
    title = {{Ebola virus antibodies in fruit bats, bangladesh.}},
    year = {2013},
    journal = {Emerging infectious diseases},
    author = {Olival, Kevin J. and Islam, Ariful and Yu, Meng and Anthony, Simon J. and Epstein, Jonathan H. and Khan, Shahneaz Ali and Khan, Salah Uddin and Crameri, Gary and Wang, Lin Fa and Lipkin, W. Ian and Luby, Stephen P. and Daszak, Peter},
    number = {2},
    pages = {270--273},
    volume = {19},
    isbn = {1080-6040},
    doi = {10.3201/eid1902.120524},
    issn = {10806059},
    pmid = {23343532}
}

@article{Wolton1982EcologicalMicrochiroptera,
    title = {{Ecological and behavioural studies of the Megachiroptera at Mount Nimba, Liberia, with notes on Microchiroptera}},
    year = {1982},
    journal = {Mammalia},
    author = {Wolton, R.J. and ARAK, P.A. and Godfray, H.C.J. and Wilson, R.P.},
    number = {4},
    pages = {419--448},
    volume = {46},
    url = {http://www.degruyter.com/view/j/mamm.1982.46.issue-4/mamm.1982.46.4.419/mamm.1982.46.4.419.xml https://www.degruyter.com/view/j/mamm.1982.46.issue-4/mamm.1982.46.4.419/mamm.1982.46.4.419.xml},
    isbn = {9788578110796},
    doi = {10.1515/mamm.1982.46.4.419},
    issn = {0025-1461},
    pmid = {25246403},
    arxivId = {arXiv:1011.1669v3},
    keywords = {icle}
}

@article{Plowright2015EcologicalSpillover.,
    title = {{Ecological dynamics of emerging bat virus spillover.}},
    year = {2015},
    journal = {Proceedings of the Royal Society B: Biological Sciences},
    author = {Plowright, Raina K and Eby, Peggy and Hudson, Peter J and Smith, Ina L and Westcott, David and Bryden, Wayne L and Middleton, Deborah and Reid, Peter A and McFarlane, Rosemary A and Martin, Gerardo and Tabor, Gary M and Skerratt, Lee F and Anderson, Dale L and Crameri, Gary and Quammen, David and Jordan, David and Freeman, Paul and Wang, Lin-Fa and Epstein, Jonathan H and Marsh, Glenn A and Kung, Nina Y and McCallum, Hamish},
    number = {1798},
    pages = {20142124},
    volume = {282},
    url = {http://eutils.ncbi.nlm.nih.gov/entrez/eutils/elink.fcgi?dbfrom=pubmed&id=25392474&retmode=ref&cmd=prlinks%5Cnpapers2://publication/doi/10.1098/rspb.2014.2124},
    isbn = {1471-2954 (Electronic){\textbackslash}r0962-8452 (Linking)},
    doi = {10.1098/rspb.2014.2124},
    issn = {1471-2954},
    pmid = {25392474},
    keywords = {ecology, epidemiology, health and disease and}
}

@article{OShea1980EcologicalCommunity,
    title = {{Ecological observations on an East African bat community}},
    year = {1980},
    journal = {Mammalia},
    author = {O'Shea, Thomas J. and Vaughan, Terry A. and O’SHEA, Thomas J. and Vaughan, Terry A.},
    number = {4},
    pages = {485--496},
    volume = {44},
    url = {https://www.degruyter.com/view/j/mamm.1980.44.issue-4/mamm.1980.44.4.485/mamm.1980.44.4.485.xml http://www.degruyter.com/view/j/mamm.1980.44.issue-4/mamm.1980.44.4.485/mamm.1980.44.4.485.xml},
    isbn = {0025-1461},
    doi = {10.1515/mamm.1980.44.4.485},
    issn = {0025-1461},
    pmid = {1313}
}

@article{Marshall1982EcologicalWoodland,
    title = {{Ecological observations on epomorphorine fruit-bats (Megachiroptera) in West African savanna woodland}},
    year = {1982},
    journal = {Journal of Zoology},
    author = {Marshall, Adrian G. and McWilliam, Andrew N.},
    number = {1},
    pages = {53--67},
    volume = {198},
    publisher = {Blackwell Publishing Ltd},
    url = {http://doi.wiley.com/10.1111/j.1469-7998.1982.tb02060.x},
    doi = {10.1111/j.1469-7998.1982.tb02060.x},
    issn = {09528369}
}

@article{Verschuren1957EcologieChiropteres,
    title = {{Ecologie, biologie, et syst{\'{e}}matique des Chiropt{\`{e}}res}},
    year = {1957},
    journal = {Journal of Mammalogy1},
    author = {Verschuren, J},
    pages = {469--478},
    volume = {58}
}

@article{Funmilayo1979EcologyNigeria,
    title = {{Ecology of the Straw-colored fruit bat Eidolon helvum in Nigeria}},
    year = {1979},
    journal = {Revue de Zoologie Africaine},
    author = {Funmilayo, O},
    number = {3},
    pages = {589--600},
    volume = {93}
}

@article{Bernard1994EffectsSchreibersii.,
    title = {{Effects of prolactin and hCG treatment on luteal activity and the conceptus during delayed implantation in Schreibers' long-fingered bat (Miniopterus schreibersii).}},
    year = {1994},
    journal = {Journal of reproduction and fertility},
    author = {Bernard, R T and Bojarski, C},
    number = {2},
    month = {3},
    pages = {359--65},
    volume = {100},
    publisher = {Society for Reproduction and Fertility},
    url = {http://www.ncbi.nlm.nih.gov/pubmed/8021852},
    doi = {10.1530/JRF.0.1000359},
    pmid = {8021852}
}

@article{Leroy2004EventsWildlife,
    title = {{Events and Rapid Decline of Central African Wildlife}},
    year = {2004},
    journal = {Science},
    author = {Leroy, Eric M and Rouquet, Pierre and Formenty, Pierre and Kilbourne, Annelisa and Froment, Jean-marc and Bermejo, Magdalena and Smit, Sheilag and Karesh, William and Swanepoel, Robert and Zaki, Sherif R and Rollin, Pierre E},
    number = {January},
    pages = {387--390},
    volume = {303}
}

@article{Swanepoel1996ExperimentalVirus,
    title = {{Experimental Inoculation of Plants and Animals with Ebola Virus}},
    year = {1996},
    journal = {Emerging Infectious Diseases},
    author = {Swanepoel, Robert and Leman, Patricia A. and Burt, Felicity J. and Zachariades, Nicholas A. and Braack, Lawrence E O and Ksiazek, Thomas G. and Rollin, Pierre E. and Zaki, Sherif R. and Peters, Clarence J.},
    number = {4},
    pages = {321--325},
    volume = {2},
    isbn = {1080-6040; 1080-6040},
    doi = {10.1016/j.ccr.2010.11.033},
    issn = {10806040},
    pmid = {8969248}
}

@article{Bernard1982FemaleAfrica,
    title = {{Female reproduction an dthe female reproductive cycle of Hipposideros caffer caffer in Natal, South Africa}},
    year = {1982},
    journal = {Annals of the Transvaal Museum},
    author = {Bernard, R.T.F. and Meester, J.A.J.},
    number = {8},
    pages = {131--144},
    volume = {33}
}

@article{Bernard1982FemaleAfricab,
    title = {{Female reproduction and the female reproductive cycle of Hipposideros caffer caffer (Sundevall, 1846) in Natal, South Africa}},
    year = {1982},
    journal = {Annals of the Transvaal Museum},
    author = {Bernard, R.T.F. and Meester, J.A.J.},
    number = {8},
    pages = {131--144},
    volume = {33},
    publisher = {Northern Flagship Institute}
}

@article{Cotterill1998FemaleZimbabwe,
    title = {{Female Reproduction in Two Species of Tropical Horseshoe Bats (Rhinolophidae) in Zimbabwe}},
    year = {1998},
    journal = {Journal of Mammalogy},
    author = {Cotterill, F. P. D.},
    number = {4},
    month = {12},
    pages = {1306--1316},
    volume = {79},
    url = {https://academic.oup.com/jmammal/article-lookup/doi/10.2307/1383022},
    doi = {10.2307/1383022},
    issn = {1545-1542},
    keywords = {afrotropical, retarded development, rhinolophidae, seasonal reproduction}
}

@article{Wickler1976FieldCalling.,
    title = {{Field studies on the African fruit bat Epomophorus wahlbergi (Sundevall), with special reference to male calling.}},
    year = {1976},
    journal = {Zeitschrift f{\"{u}}r Tierpsychologie},
    author = {Wickler, W and Seibt, U},
    number = {4},
    pages = {345--376},
    volume = {40},
    url = {http://eutils.ncbi.nlm.nih.gov/entrez/eutils/elink.fcgi?dbfrom=pubmed&id=936788&retmode=ref&cmd=prlinks%5Cnpapers3://publication/uuid/1F2488D4-D27A-4B8C-8351-9A5299D0DBD3},
    isbn = {0044-3573 (Print){\textbackslash}n0044-3573},
    doi = {10.1111/j.1439-0310},
    issn = {0044-3573},
    pmid = {936788}
}

@article{Olival2014FilovirusesDirections,
    title = {{Filoviruses in bats: Current knowledge and future directions}},
    year = {2014},
    journal = {Viruses},
    author = {Olival, Kevin J. and Hayman, David T S},
    number = {4},
    pages = {1759--1788},
    volume = {6},
    isbn = {1999-4915},
    doi = {10.3390/v6041759},
    issn = {19994915},
    pmid = {24747773},
    keywords = {Bats, Chiroptera, Disease ecology, Ebola, Emerging infectious diseases, Filovirus, Lloviu, Marburg, Ravn, Review}
}

@article{vanderMerwe1979FoetalNatalensis,
    title = {{Foetal Growth Curves and Seasonal Breeding in the Natal Clinging Bat Miniopterus Schreibersi Natalensis}},
    year = {1979},
    journal = {South African Journal of Zoology},
    author = {van derMerwe, M.},
    number = {1},
    month = {1},
    pages = {17--21},
    volume = {14},
    url = {http://www.tandfonline.com/doi/full/10.1080/02541858.1979.11447643},
    doi = {10.1080/02541858.1979.11447643},
    issn = {0254-1858}
}

@article{Fenton1987ForagingZimbabwe,
    title = {{Foraging and habitat use by Nycteris grandis (Chiroptera: Nycteridae) in Zimbabwe}},
    year = {1987},
    journal = {Journal of Zoology},
    author = {Fenton, M. B. and Cumming, D. H. M. and Hutton, J. M. and Swanepoel, C. M.},
    number = {4},
    month = {4},
    pages = {709--716},
    volume = {211},
    url = {http://doi.wiley.com/10.1111/j.1469-7998.1987.tb04481.x},
    doi = {10.1111/j.1469-7998.1987.tb04481.x},
    issn = {09528369}
}

@article{Leroy2005FruitVirus,
    title = {{Fruit bats as reservoirs of Ebola virus}},
    year = {2005},
    journal = {Nature},
    author = {Leroy, Eric M and Kumulungui, Brice and Pourrut, Xavier and Rouquet, Pierre and Hassanin, Alexandre and Yaba, Philippe and Delicat, Andre and Paweska, Janusz T and Gonzalez, Jean-Paul and Swanepoel, Robert},
    number = {7068},
    month = {12},
    pages = {575--576},
    volume = {438},
    url = {http://www.nature.com/doifinder/10.1038/438575a},
    isbn = {1476-4687 (Electronic)},
    doi = {10.1038/438575a},
    issn = {0028-0836},
    pmid = {16319873}
}

@article{Trabucco2009GlobalDatabase,
    title = {{Global Aridity Index (Global-Aridity) and Global Potential Evapo-Transpiration (Global-PET) Geospatial Database}},
    year = {2009},
    journal = {CGIAR Consortium for Spatial Information},
    author = {Trabucco, A. and Zomer, R. J .},
    url = {http://www.csi.cgiar.org}
}

@misc{Olivier2012Global2009,
    title = {{Global Land Cover Map for 2009 (GlobCover 2009)}},
    year = {2012},
    booktitle = {European Space Agency},
    author = {Olivier, Arino and Ramos Perez, Jose Julio and Kalogirou, Vasileios and Bontemps, Sophie and Defourny, Pierre and Van Bogaert, Eric},
    url = {https://doi.org/10.1594/PANGAEA.787668}
}

@article{vanderMerwe1982HistologicalNatalensis.,
    title = {{Histological study of implantation in the Natal clinging bat (Miniopterus schreibersii natalensis).}},
    year = {1982},
    journal = {Journal of reproduction and fertility},
    author = {van der Merwe, M},
    number = {2},
    pages = {319--23},
    volume = {65},
    url = {http://www.ncbi.nlm.nih.gov/pubmed/7097640},
    isbn = {0022-4251},
    issn = {0022-4251},
    pmid = {7097640},
    keywords = {Animals, Blastocyst, Blastocyst: physiology, Chiroptera, Chiroptera: physiology, Embryo Implantation, Female, Uterus, Uterus: anatomy {\&} histology, Uterus: physiology}
}

@article{LeGuenno1995IsolationVirus,
    title = {{Isolation and partial characterisation of a new strain of Ebola virus}},
    year = {1995},
    journal = {The Lancet},
    author = {Le Guenno, B. and Formenty, P. and Wyers, M. and Gounon, P. and Walker, F. and Boesch, C.},
    number = {8960},
    pages = {1271--1274},
    volume = {345},
    isbn = {0140-6736},
    doi = {10.1016/S0140-6736(95)90925-7},
    issn = {01406736},
    pmid = {7746057}
}

@book{Brosset1966LaChiropteres,
    title = {{La biologie des chiropteres}},
    year = {1966},
    author = {Brosset, A.},
    pages = {240},
    publisher = {Masson and Company},
    address = {Paris}
}

@book{Brosset1969LaGabon,
    title = {{La vie sociale des oiseaux dans une foret equitoriale du Gabon}},
    year = {1969},
    author = {Brosset, A.}
}

@article{Pourrut2009LargeAegyptiacus.,
    title = {{Large serological survey showing cocirculation of Ebola and Marburg viruses in Gabonese bat populations, and a high seroprevalence of both viruses in Rousettus aegyptiacus.}},
    year = {2009},
    journal = {BMC infectious diseases},
    author = {Pourrut, Xavier and Souris, Marc and Towner, Jonathan S and Rollin, Pierre E and Nichol, Stuart T and Gonzalez, Jean-Paul and Leroy, Eric},
    number = {1},
    pages = {159},
    volume = {9},
    url = {http://www.biomedcentral.com/1471-2334/9/159},
    isbn = {1471-2334 (Electronic){\textbackslash}r1471-2334 (Linking)},
    doi = {10.1186/1471-2334-9-159},
    issn = {1471-2334},
    pmid = {19785757},
    keywords = {Animals, Antibodies, Viral, Antibodies, Viral: blood, Chiroptera, Chiroptera: blood, Chiroptera: virology, Congo, Democratic Republic of the Congo, Ebolavirus, Ebolavirus: genetics, Ebolavirus: isolation {\&} purification, Female, Gabon, Immunoglobulin G, Immunoglobulin G: blood, Male, Marburgvirus, Marburgvirus: genetics, Marburgvirus: isolation {\&} purification, Pregnancy, RNA, Viral, RNA, Viral: genetics, Seroepidemiologic Studies}
}

@article{Bradbury2010LekBat,
    title = {{Lek Mating Behavior in the Hammer-headed Bat}},
    year = {2010},
    journal = {Zeitschrift f{\"{u}}r Tierpsychologie},
    author = {Bradbury, Jack W.},
    number = {3},
    month = {4},
    pages = {225--255},
    volume = {45},
    url = {http://doi.wiley.com/10.1111/j.1439-0310.1977.tb02120.x},
    doi = {10.1111/j.1439-0310.1977.tb02120.x},
    issn = {00443573}
}

@article{Adam1974LesParasitologiques,
    title = {{Les chiropt{\`{e}}res cavernicoles de la R{\'{e}}publique Populaire du Congo : notes bio{\'{e}}cologiques et parasitologiques}},
    year = {1974},
    journal = {Annales de Sp{\'{e}}l{\'{e}}ologie},
    author = {Adam, Jean-Paul and Le Pont, François},
    number = {1},
    pages = {143--154},
    volume = {29}
}

@article{Olivero2016MammalianAfrica,
    title = {{Mammalian biogeography and the Ebola virus in Africa}},
    year = {2016},
    journal = {Mammal Review},
    author = {Olivero, Jesús and Fa, John E. and Real, Raimundo and Farf{\'{a}}n, Miguel Ángel and M{\'{a}}rquez, Ana Luz and Vargas, J. Mario and Gonzalez, J. Paul and Cunningham, Andrew A. and Nasi, Robert},
    number = {June},
    month = {6},
    url = {http://doi.wiley.com/10.1111/mam.12074},
    doi = {10.1111/mam.12074},
    issn = {03051838}
}

@article{Coe1975MammalianLiberia,
    title = {{Mammalian ecological studies on Mount Nimbia, Liberia}},
    year = {1975},
    journal = {Mammalia},
    author = {Coe, Malcolm},
    number = {4},
    volume = {39},
    url = {https://www.degruyter.com/view/j/mamm.1975.39.issue-4/mamm.1975.39.4.523/mamm.1975.39.4.523.xml},
    doi = {10.1515/mamm.1975.39.4.523},
    issn = {0025-1461}
}

@book{Happold2013MammalsBats,
    title = {{Mammals of Africa Volume IV - Hedgehogs, Shrews and Bats}},
    year = {2013},
    author = {Happold, Meredith and Happold, David C. D.},
    publisher = {Bloomsbury},
    address = {London}
}

@article{Pigott2014MappingAfrica,
    title = {{Mapping the zoonotic niche of Ebola virus disease in Africa}},
    year = {2014},
    journal = {eLife},
    author = {Pigott, David M. and Golding, Nick and Mylne, Adrian and Huang, Zhi and Henry, Andrew J and Weiss, Daniel J. and Brady, Oliver J. and Kraemer, Moritz UG and Smith, David L and Moyes, Catherine L and Bhatt, Samir and Gething, Peter W and Horby, Peter W and Bogoch, Isaac I and Brownstein, John S and Mekaru, Sumiko R and Tatem, Andrew J and Khan, Kamran and Hay, Simon I.},
    number = {6},
    month = {9},
    pages = {366--378},
    volume = {3},
    url = {http://elifesciences.org/lookup/doi/10.7554/eLife.04395},
    isbn = {0002-9637},
    doi = {10.7554/eLife.04395},
    issn = {2050-084X},
    pmid = {25201877},
    arxivId = {http://dx.doi.org/10.7554/eLife.04395{\#}sthash.kZ59JMhc.dpuf},
    keywords = {Boosted regression trees, Filovirus, Marburg virus disease, Rousettus aegyptiacus, Species distribution models, Viral haemorrhagic fever}
}

@article{Restif2012Model-guidedDynamics,
    title = {{Model-guided fieldwork: Practical guidelines for multidisciplinary research on wildlife ecological and epidemiological dynamics}},
    year = {2012},
    journal = {Ecology Letters},
    author = {Restif, Olivier and Hayman, David T S and Pulliam, Juliet R C and Plowright, Raina K. and George, Dylan B. and Luis, Angela D. and Cunningham, Andrew A. and Bowen, Richard A. and Fooks, Anthony R. and O'Shea, Thomas J. and Wood, James L N and Webb, Colleen T.},
    number = {10},
    pages = {1083--1094},
    volume = {15},
    isbn = {1461-0248},
    doi = {10.1111/j.1461-0248.2012.01836.x},
    issn = {1461023X},
    pmid = {22809422},
    keywords = {Field ecology, Infectious diseases, Mathematical models, Statistical models, Study design, Wildlife epidemiology}
}

@article{Bernard1981MonthlyChiroptera,
    title = {{Monthly changes in the female reproductive organs and the reproductive cycle of Myotis tricolor (Vespertilionidae : Chiroptera)}},
    year = {1981},
    journal = {South African Journal of Zoology},
    author = {Bernard, R.T.F. T F},
    number = {2},
    month = {1},
    pages = {79--84},
    volume = {17},
    publisher = {Routledge},
    url = {http://www.tandfonline.com/doi/full/10.1080/02541858.1982.11447784},
    doi = {10.1080/02541858.1982.11447784}
}

@article{Barclay1985NoLeucogastere,
    title = {{No Titl Foraging behaviour of the African insectivorous bat, Scotophilus leucogastere}},
    year = {1985},
    journal = {Biotropica},
    author = {Barclay, Robert MR},
    pages = {65--70},
    volume = {17}
}

@article{Vaughan1976NocturnalCor,
    title = {{Nocturnal Behavior of the African False Vampire Bat (Cardioderma cor)}},
    year = {1976},
    journal = {Journal of Mammalogy},
    author = {Vaughan, T. A.},
    number = {2},
    month = {5},
    pages = {227--248},
    volume = {57},
    url = {https://academic.oup.com/jmammal/article-lookup/doi/10.2307/1379685},
    doi = {10.2307/1379685},
    issn = {1545-1542}
}

@article{Monadjem1998NotesRecords,
    title = {{Notes and Records}},
    year = {1998},
    journal = {African Journal of Ecology},
    author = {Monadjem, A. and Monadjem, L. and Putnam, J.},
    number = {3},
    month = {9},
    pages = {280--285},
    volume = {36},
    url = {http://doi.wiley.com/10.1046/j.1365-2028.1998.00136.x},
    doi = {10.1046/j.1365-2028.1998.00136.x},
    issn = {0141-6707}
}

@article{Jacobsen1976ObservationsTransvaal,
    title = {{Observations on the ecology and biology of the Cape Fruit Bat Rousettus aegyptiacus Leachi in the Eastern Transvaal}},
    year = {1976},
    journal = {South African Journal of Science},
    author = {Jacobsen, N. H. G. and Du Plessis, E},
    pages = {270--273},
    volume = {72}
}

@article{Herzig-Straschil1978OnPark,
    title = {{On the ecology of the fruit bat, rousettus aegyptiacus leachi (A. Smith, 1829) in the Tsitsikama Coastal National Park}},
    year = {1978},
    journal = {Koedoe},
    author = {Herzig-Straschil, B and Robinson, G.A.},
    number = {1},
    pages = {101--110},
    volume = {21},
    url = {http://www.koedoe.co.za/index.php/koedoe/article/view/965},
    doi = {10.4102/koedoe.v21i1.965},
    issn = {2071-0771}
}

@article{Bernard1996OnZimbabwe,
    title = {{On the occurance of a short period of delayed implantation in Schreibers' long-fingered bat (Miniopterus schreibersii) from a tropical latitude in Zimbabwe}},
    year = {1996},
    journal = {Journal of Zoology, London},
    author = {Bernard, Ric T F and Cotterill, Fenton P D and Fergusson, R A},
    pages = {13--22},
    volume = {238},
    keywords = {-, bat, chiroptera, mating system, na, social structure}
}

@article{Huete2002OverviewIndices,
    title = {{Overview of the radiometric and biophysical performance of the MODIS vegetation indices}},
    year = {2002},
    journal = {Remote Sensing of the Environment},
    author = {Huete, A and Didan, K and Miura, T and Rodriguez, EP and Gao, X and Ferreira, LG},
    number = {1-2},
    pages = {195--213},
    volume = {83}
}

@article{Mcwilliam1987PolyoestryAfrica,
    title = {{Polyoestry and postpartum oestrus in Tadarida (Chaerephon) pumila (Chiroptera: Molossidae) in northern Ghana, West Africa}},
    year = {1987},
    journal = {Journal of Zoology},
    author = {Mcwilliam, Andrew N.},
    number = {4},
    month = {12},
    pages = {735--739},
    volume = {213},
    publisher = {Blackwell Publishing Ltd},
    url = {http://doi.wiley.com/10.1111/j.1469-7998.1987.tb03738.x},
    doi = {10.1111/j.1469-7998.1987.tb03738.x}
}

@article{Fahr2015PronouncedHelvum,
    title = {{Pronounced seasonal changes in the movement ecology of a highly gregarious central-place forager, the african straw-coloured fruit bat (eidolon helvum)}},
    year = {2015},
    journal = {PLoS ONE},
    author = {Fahr, Jakob and Abedi-Lartey, Michael and Esch, Thomas and Machwitz, Miriam and Suu-Ire, Richard and Wikelski, Martin and Dechmann, Dina K N},
    number = {10},
    pages = {1--19},
    volume = {10},
    isbn = {19326203},
    doi = {10.1371/journal.pone.0138985},
    issn = {19326203},
    pmid = {26465139}
}

@misc{Team2017R:Computing,
    title = {{R: A Language and Environment for Statistical Computing}},
    year = {2017},
    author = {Team, R Core},
    url = {https://www.r-project.org/},
    address = {Vienna, Austria}
}

@article{Cumming1997RainfallBats,
    title = {{Rainfall, Food Abundance and Timing of Parturition in African Bats}},
    year = {1997},
    journal = {Oecologia},
    author = {Cumming, G.S. and Bernard, R T F},
    number = {3},
    pages = {309--317},
    volume = {111},
    keywords = {chiroptera, parturition phenology}
}

@article{Biek2006RecentReservoir,
    title = {{Recent common ancestry of Ebola Zaire virus found in a bat reservoir}},
    year = {2006},
    journal = {PLoS Pathogens},
    author = {Biek, Roman and Walsh, Peter D. and Leroy, Eric M. and Real, Leslie A.},
    number = {10},
    pages = {0885--0886},
    volume = {2},
    isbn = {1553-7374 (Electronic)},
    doi = {10.1371/journal.ppat.0020090},
    issn = {15537366},
    pmid = {17069458}
}

@article{LaVal1977ReproductionNanus,
    title = {{Reproduction and behaviour of the African Banana Bat, Pipistrellus nanus}},
    year = {1977},
    journal = {Journal of Mammalogy},
    author = {LaVal, Richard K. and LaVal, Margaret L.},
    number = {3},
    month = {8},
    pages = {403--410},
    volume = {58},
    url = {http://jmammal.oxfordjournals.org/cgi/doi/10.2307/1379339},
    doi = {10.2307/1379339},
    issn = {00222372},
    pmid = {913},
    keywords = {194, Africa, Banana bat, Bats, Natal, P, Pipistrellus, Pipistrellus nanus, Reproduction, South Africa, bat, behavior, roost, roosting, sex ratios, size, sp}
}

@article{Thomas1984ReproductionBats,
    title = {{Reproduction and growth in three species of West African fruit bats}},
    year = {1984},
    journal = {Journal of Zoology},
    author = {Thomas, D. W. and Marshall, A. G.},
    number = {2},
    pages = {265--281},
    volume = {202},
    publisher = {Blackwell Publishing Ltd},
    url = {http://doi.wiley.com/10.1111/j.1469-7998.1984.tb05954.x},
    doi = {10.1111/j.1469-7998.1984.tb05954.x},
    issn = {09528369}
}

@article{Kofron1994ReproductionLiberia,
    title = {{Reproduction and sexual dimorphism of the West African fruit bat, Epomops buettikoferi, in Liberia}},
    year = {1994},
    journal = {African Journal of Ecology},
    author = {Kofron, Christopher P. and Champan, ANgela},
    number = {4},
    pages = {308--316},
    volume = {32},
    isbn = {0141-6707},
    doi = {10.1111/j.1365-2028.1994.tb00581.x},
    issn = {01416707},
    keywords = {Africa, Epomops buettikoferi, Liberia, dimorphism, reproduction}
}

@article{vanderMerwe1987ReproductionAfrica,
    title = {{Reproduction in Schlieffen's bat, Nycticeius schlieffenii, in the eastern Transvaal lowveld, South Africa}},
    year = {1987},
    journal = {Journal of Reproduction {\&} Fertility},
    author = {van der Merwe, M and Rautenbach, I L},
    number = {September},
    pages = {41--50},
    volume = {81},
    doi = {10.1530/jrf.0.0810041},
    issn = {00224251},
    pmid = {1179},
    keywords = {Nycticeinops, reproduction, schlieffenii}
}

@article{Bernard1985ReproductionAfrica,
    title = {{Reproduction in the Cape horseshoe bat (Rhinolophus capensis) from South Africa}},
    year = {1985},
    journal = {South African Journal of Zoology},
    author = {Bernard, R T F},
    number = {3},
    pages = {129--135},
    volume = {20},
    url = {http://content.ajarchive.org/cgi-bin/showfile.exe?CISOROOT=/00445096&CISOPTR=1779%5Cnhttp://hdl.handle.net/10499/AJ23900},
    issn = {0254-1858},
    keywords = {Cape horseshoe bat, Reproduction, Rhinolophus capensis, South Africa}
}

@article{vanderMerwe1990ReproductionAfrica.,
    title = {{Reproduction in the rusty bat, Pipistrellus rusticus, in the northern Transvaal bushveld, South Africa.}},
    year = {1990},
    journal = {Journal of reproduction and fertility},
    author = {van der Merwe, M and Rautenbach, I L},
    pages = {537--542},
    volume = {89},
    isbn = {0022-4251},
    doi = {10.1530/jrf.0.0890537},
    issn = {1470-1626},
    pmid = {2401981},
    keywords = {bats, pipistrellus rusticus, reproduction, sperm storage}
}

@article{Mutere1973ReproductionMolossidae,
    title = {{Reproduction in two species of equatorial free-tailed bats (Molossidae)}},
    year = {1973},
    journal = {African Journal of Ecology},
    author = {Mutere, Festo A.},
    number = {3-4},
    month = {12},
    pages = {271--280},
    volume = {11},
    url = {http://doi.wiley.com/10.1111/j.1365-2028.1973.tb00092.x},
    doi = {10.1111/j.1365-2028.1973.tb00092.x},
    issn = {0141-6707},
    pmid = {1311},
    keywords = {Bats, Kenya, Molossidae, reproduction}
}

@article{Happold1989ReproductionAfrica.,
    title = {{Reproduction of Angola free-tailed bats (Tadarida condylura) and little free-tailed bats (Tadarida pumila) in Malawi (Central Africa) and elsewhere in Africa.}},
    year = {1989},
    journal = {Journal of reproduction and fertility},
    author = {Happold, D C and Happold, M},
    number = {1},
    pages = {133--149},
    volume = {85},
    isbn = {0022-4251 (Print){\textbackslash}r0022-4251 (Linking)},
    doi = {10.1530/jrf.0.0850133},
    issn = {0022-4251},
    pmid = {2915350},
    keywords = {africa, chiroptera, free-tailed bats, malawi, reproduction, tadarida}
}

@article{Bernard1983ReproductionAfrica,
    title = {{Reproduction of Rhinolophus clivosus (Microchiroptera) in Natal, South Africa}},
    year = {1983},
    journal = {Z. Saugetierkunde},
    author = {Bernard, R T F},
    number = {6},
    pages = {321--329},
    volume = {48},
    publisher = {Fischer},
    pmid = {1575},
    keywords = {Rhinolophus, clivosus, reproduction}
}

@article{vanderMerwe2007ReproductionStrategies,
    title = {{Reproduction of the banana bat, Neoromicia nanus, in Mpumalanga Province, South Africa, with a discussion on sperm storage and latitudinal effects on reproductive strategies}},
    year = {2007},
    journal = {South African Journal of Wildlife Research},
    author = {van der Merwe, M. and Stirnemann, R L},
    number = {1},
    month = {4},
    pages = {53--60},
    volume = {37},
    url = {http://www.bioone.org/doi/abs/10.3957/0379-4369-37.1.53},
    doi = {10.3957/0379-4369-37.1.53},
    issn = {0379-4369},
    keywords = {banana bats, embryology, neoromicia nanus, reproduction}
}

@article{Penzhorn1988ReproductionTropics,
    title = {{Reproduction of the Egyptian fruit bat Rousettus aegyptiacus in the southern tropics}},
    year = {1988},
    journal = {S. Afr. J. Wildl. Res./S. Afr. Tydskr. Natuurnav.},
    author = {Penzhorn, B L and Rautenbach, I L},
    number = {3},
    pages = {88--92},
    volume = {18},
    pmid = {1885115},
    keywords = {Kruger Natl. Park, Rousettus aegyptiacus, South Africa, reproduction, rhythms}
}

@article{Merwe1994ReproductiveAfrica,
    title = {{Reproductive biology of the Cape serotine bat , Eptesicus capen sis in the Transvaal , South Africa}},
    year = {1994},
    author = {Merwe, M Van Der},
    number = {1},
    pages = {36--39},
    volume = {29}
}

@article{Okia1987ReproductiveBats,
    title = {{Reproductive Cycles of East African Bats}},
    year = {1987},
    journal = {Journal of Mammalogy},
    author = {Okia, Nathan O.},
    number = {1},
    pages = {138--141},
    volume = {68}
}

@article{Bernard1980Reproductive1906,
    title = {{Reproductive cycles of Miniopterus schreibersi natalensis (Kuhl, 1819) and Miniopterus fraterculus Thomas and Swann, 1906}},
    year = {1980},
    journal = {Annals of the Transvaal Museum},
    author = {Bernard, R.T.F.},
    number = {3},
    pages = {55--64},
    volume = {32},
    publisher = {Northern Flagship Institute},
    url = {http://journals.co.za/content/nfi_annalstm/32/3/AJA00411752_185}
}

@article{Cotterill1999ReproductiveConservation,
    title = {{Reproductive ecology of Commerson's leaf-nosed bats Hipposidores commersoni (Chiroptera: Hipposideridae) in South-Central Africa: interactions between seasonality and large body size; and implications for conservation}},
    year = {1999},
    journal = {South African Journal of Zoology},
    author = {Cotterill, F P D and Fergusson, R A},
    number = {2},
    pages = {53--63},
    volume = {34},
    url = {http://content.ajarchive.org/cgi-bin/showfile.exe?CISOROOT=/00445096&CISOPTR=1371%5Cnhttp://hdl.handle.net/10499/AJ20407},
    isbn = {0254-1858},
    doi = {10.1080/02541858.1999.11448488},
    issn = {0254-1858},
    pmid = {4558887},
    keywords = {Adaptive responses, Bats, Breeding, Breeding caves, Chiroptera, Commerson's leaf-nosed bats, Guano exploitation, Hipposideridae, Hipposideros commersoni marungensis, Interactions, Mammals, Maternity roosts, Populations, Reproductive ecology, South-central Africa, Tropical environments, Zoology}
}

@article{Happold1990ReproductiveAfrica,
    title = {{Reproductive strategies of bats in Africa}},
    year = {1990},
    journal = {Journal of Zoology},
    author = {Happold, D. C. D. and Happold, M.},
    number = {1990},
    month = {12},
    pages = {557--583},
    volume = {222},
    publisher = {Blackwell Publishing Ltd},
    url = {http://doi.wiley.com/10.1111/j.1469-7998.1990.tb06014.x http://dx.doi.org/10.1111/j.1469-7998.1990.tb06014.x%5Cnhttp://onlinelibrary.wiley.com/store/10.1111/j.1469-7998.1990.tb06014.x/asset/j.1469-7998.1990.tb06014.x.pdf?v=1&t=gtxht5qx&s=35af88ad592eaed55},
    isbn = {1469-7998},
    doi = {10.1111/j.1469-7998.1990.tb06014.x},
    issn = {09528369},
    pmid = {921}
}

@article{Amman2012SeasonalInfection,
    title = {{Seasonal Pulses of Marburg Virus Circulation in Juvenile Rousettus aegyptiacus Bats Coincide with Periods of Increased Risk of Human Infection}},
    year = {2012},
    journal = {PLoS Pathogens},
    author = {Amman, Brian R. and Carroll, Serena A. and Reed, Zachary D. and Sealy, Tara K. and Balinandi, Stephen and Swanepoel, Robert and Kemp, Alan and Erickson, Bobbie Rae and Comer, James A. and Campbell, Shelley and Cannon, Deborah L. and Khristova, Marina L. and Atimnedi, Patrick and Paddock, Christopher D. and Kent Crockett, Rebekah J. and Flietstra, Timothy D. and Warfield, Kelly L. and Unfer, Robert and Katongole-Mbidde, Edward and Downing, Robert and Tappero, Jordan W. and Zaki, Sherif R. and Rollin, Pierre E. and Ksiazek, Thomas G. and Nichol, Stuart T. and Towner, Jonathan S.},
    number = {10},
    volume = {8},
    isbn = {1553-7366},
    doi = {10.1371/journal.ppat.1002877},
    issn = {15537366},
    pmid = {23055920}
}

@article{Vaughan1986SeasonalityYellow-Winged,
    title = {{Seasonality and the Behavior of the African Yellow-Winged}},
    year = {1986},
    journal = {Journal of Mammalogy},
    author = {Vaughan, Terry A and Vaughan, Rosemary P and Bat, Yellow-winged and Vaughan, Terry A and Vaughan, Rosemary P},
    number = {1},
    pages = {91--102},
    volume = {67},
    issn = {00222372}
}

@article{Bernard1995SeasonallyTemperate...,
    title = {{Seasonally monoestrous reproduction in the molossid bat, Tadarida aegyptiaca from low temperate...}},
    year = {1995},
    journal = {South African Journal of Zoology},
    author = {Bernard, R T F and Tsita, J N},
    number = {1},
    pages = {18},
    volume = {30},
    url = {http://ezproxy.stir.ac.uk/login?url=http://search.ebscohost.com/login.aspx?direct=true&db=asx&AN=9609194475&site=eds-live},
    isbn = {0254-1858},
    doi = {10.1080/02541858.1995.11448366},
    issn = {02541858},
    pmid = {1241},
    keywords = {FREE-tailed bats, REPRODUCTION, SOUTH Africa}
}

@article{Cotterill1993SeasonallyZimbabwe,
    title = {{Seasonally Polyestrous Reproduction in a Free-Tailed Bat Tadarida fulminans (Microchiroptera: Molossidae) in Zimbabwe}},
    year = {1993},
    journal = {Biotropica VO  - 25},
    author = {Cotterill, F P D and Fergusson, R A},
    number = {4},
    pages = {487},
    volume = {25},
    url = {http://ezproxy.stir.ac.uk/login?url=http://search.ebscohost.com/login.aspx?direct=true&db=edsjsr&AN=edsjsr.10.2307.2388875&site=eds-live},
    doi = {10.2307/2388875},
    issn = {00063606},
    keywords = {Africa, Bat Reproduction, Molossidae, Seasonality, Tadarida Fulminans, Zimbabwe}
}

@article{Ansell1986SomeAfrica,
    title = {{Some Chiroptera from south-central Africa}},
    year = {1986},
    journal = {Mammalia},
    author = {Ansell, W.F.H.},
    number = {4},
    pages = {507--520},
    volume = {50},
    url = {http://www.degruyter.com/view/j/mamm.1986.50.issue-4/mamm.1986.50.4.507/mamm.1986.50.4.507.xml},
    doi = {10.1515/mamm.1986.50.4.507}
}

@article{Schmidt2017SpatiotemporalSpillover,
    title = {{Spatiotemporal fluctuations and triggers of ebola virus spillover}},
    year = {2017},
    journal = {Emerging Infectious Diseases},
    author = {Schmidt, John Paul and Park, Andrew W. and Kramer, Andrew M. and Han, Barbara A. and Alexander, Laura W. and Drake, John M.},
    number = {3},
    pages = {415--422},
    volume = {23},
    isbn = {1080-6059 (Electronic)1080-6040 (Linking)},
    doi = {10.3201/eid2303.160101},
    issn = {10806059},
    pmid = {28221131}
}

@article{Bernard1997SpermMalawi,
    title = {{Sperm storage in a seasonally reproducing African vespertilionid, the banana bat (Pipistrellus nanus) from Malawi}},
    year = {1997},
    journal = {Journal of Zoology, London},
    author = {Bernard, Ric T. F. and Happold, David C. D. and Happold, Meredith},
    number = {1},
    month = {1},
    pages = {161--174},
    volume = {241},
    publisher = {Blackwell Publishing Ltd},
    url = {http://doi.wiley.com/10.1111/j.1469-7998.1997.tb05506.x},
    isbn = {0952-8369},
    doi = {10.1111/j.1469-7998.1997.tb05506.x},
    issn = {09528369},
    pmid = {1550},
    keywords = {Africa, Competition, Kenya, Malawi, Pipistrellus, Pipistrellus nanus, Reproduction, South Africa, bat, sperm competition}
}

@article{Duke-Sylvester2011StrongDiseases.,
    title = {{Strong seasonality produces spatial asynchrony in the outbreak of infectious diseases.}},
    year = {2011},
    journal = {Journal of the Royal Society, Interface / the Royal Society},
    author = {Duke-Sylvester, Scott M and Bolzoni, Luca and Real, Leslie a},
    number = {59},
    pages = {817--25},
    volume = {8},
    url = {http://www.pubmedcentral.nih.gov/articlerender.fcgi?artid=3104344&tool=pmcentrez&rendertype=abstract},
    isbn = {1742-5689},
    doi = {10.1098/rsif.2010.0475},
    issn = {1742-5662},
    pmid = {20961894},
    keywords = {Animals, Demography, Disease Outbreaks, Disease Outbreaks: statistics {\&} numerical data, Disease Outbreaks: veterinary, Geography, Host-Pathogen Interactions, Mid-Atlantic Region, Mid-Atlantic Region: epidemiology, Models, Biological, New England, New England: epidemiology, Population Dynamics, Rabies, Rabies: epidemiology, Rabies: veterinary, Raccoons, Seasons, Southeastern United States, Southeastern United States: epidemiology}
}

@article{Peel2018SupportImmunity,
    title = {{Support for viral persistence in bats from age-specific serology and models of maternal immunity}},
    year = {2018},
    journal = {Scientific Reports},
    author = {Peel, Alison J. and Baker, Kate S. and Hayman, David T. S. and Broder, Christopher C. and Cunningham, Andrew A. and Fooks, Anthony R. and Garnier, Romain and Wood, James L. N. and Restif, Olivier},
    number = {1},
    pages = {3859},
    volume = {8},
    url = {http://www.nature.com/articles/s41598-018-22236-6},
    doi = {10.1038/s41598-018-22236-6},
    issn = {2045-2322},
    pmid = {29497106}
}

@article{Chamberlain2013Taxize:R,
    title = {{taxize: taxonomic search and retrieval in R}},
    year = {2013},
    journal = {F1000Research},
    author = {Chamberlain, Scott A. and Sz{\"{o}}cs, Eduard},
    month = {10},
    pages = {1--28},
    volume = {191},
    url = {http://f1000research.com/articles/2-191/v2},
    doi = {10.12688/f1000research.2-191.v2},
    issn = {2046-1402},
    pmid = {24555091}
}

@article{Bergmans1979TaxonomyBiology,
    title = {{Taxonomy and Zoogeography of the fruit bats of the peoples republic of Congo, with Notes on their reporductive biology}},
    year = {1979},
    journal = {Bijdragen tot de Dierkunde},
    author = {Bergmans, W.},
    pages = {161--186},
    volume = {48}
}

@article{Bergmans1979TaxonomyMegachiroptera,
    title = {{Taxonomy and Zoogeography of the fruits bats of the People’s Republic of Congo, with notes on their reproductive bilogy (Mammalia, Megachiroptera)}},
    year = {1979},
    journal = {Bijdragen tot de Dierkunde},
    author = {Bergmans, W.},
    number = {2},
    pages = {161--186},
    volume = {48},
    issn = {0067-8546}
}

@article{IUCN2016TerrestrialData,
    title = {{Terrestrial Mammals Red List Spatial Data}},
    year = {2016},
    journal = {The IUCN Red List of Threatened Species},
    author = {{IUCN}},
    url = {http://www.iucnredlist.org}
}

@article{Thomas1983ThePteropodidae,
    title = {{The annual migrations of three species of West African fruit bats (Chiroptera: Pteropodidae)}},
    year = {1983},
    journal = {Canadian Journal of Zoology},
    author = {Thomas, Donald W.},
    number = {10},
    month = {10},
    pages = {2266--2272},
    volume = {61},
    publisher = {NRC Research Press Ottawa, Canada},
    url = {http://www.nrcresearchpress.com/doi/abs/10.1139/z83-299},
    doi = {10.1139/z83-299},
    issn = {0008-4301}
}

@article{Mutere1967The020N,
    title = {{The breeding biology of equatorial vertebrates: reproduction in the fruit bat, Eidolon helvum, at latitude 0{${}^\circ$}20′N}},
    year = {1967},
    journal = {Journal of Zoology},
    author = {Mutere, Festo A.},
    number = {2},
    pages = {153--161},
    volume = {153},
    publisher = {Blackwell Publishing Ltd},
    url = {http://doi.wiley.com/10.1111/j.1469-7998.1967.tb04058.x},
    doi = {10.1111/j.1469-7998.1967.tb04058.x},
    issn = {09528369}
}

@article{Mutere1968TheSouth,
    title = {{The breeding biology of the fruit bat Rosettuus aegyptiacus living at 0 degrees 22 minutes South}},
    year = {1968},
    journal = {Acta Tropica1},
    author = {Mutere, Festo A.},
    number = {2},
    pages = {97--108},
    volume = {25}
}

@article{Bat1973TheEastern,
    title = {{the Breeding Pattern of the Eastern}},
    year = {1973},
    author = {Bat, Epauletted}
}

@article{Okia1974TheUganda.,
    title = {{The breeding pattern of the eastern epauletted bat, Epomophorus anurus Heuglin, in Uganda.}},
    year = {1974},
    journal = {Journal of reproduction and fertility},
    author = {Okia, N O},
    number = {1},
    pages = {27--31},
    volume = {37},
    publisher = {Society for Reproduction and Fertility},
    url = {http://www.ncbi.nlm.nih.gov/pubmed/4816945},
    doi = {10.1530/JRF.0.0370027},
    issn = {0022-4251},
    pmid = {4816945}
}

@article{Goldstein2018TheEbolaviruses,
    title = {{The discovery of Bombali virus adds further support for bats as hosts of ebolaviruses}},
    year = {2018},
    journal = {Nature Microbiology},
    author = {Goldstein, Tracey and Anthony, Simon J. and Gbakima, Aiah and Bird, Brian H. and Bangura, James and Tremeau-Bravard, Alexandre and Belaganahalli, Manjunatha N. and Wells, Heather L. and Dhanota, Jasjeet K. and Liang, Eliza and Grodus, Michael and Jangra, Rohit K. and DeJesus, Veronica A. and Lasso, Gorka and Smith, Brett R. and Jambai, Amara and Kamara, Brima O. and Kamara, Sorie and Bangura, William and Monagin, Corina and Shapira, Sagi and Johnson, Christine K. and Saylors, Karen and Rubin, Edward M. and Chandran, Kartik and Lipkin, W. Ian and Mazet, Jonna A. K.},
    pages = {1},
    publisher = {Springer US},
    url = {http://www.nature.com/articles/s41564-018-0227-2},
    isbn = {4156401802272},
    doi = {10.1038/s41564-018-0227-2},
    issn = {2058-5276},
    keywords = {Ebola virus, Viral infection}
}

@article{King2010TheCongo,
    title = {{The fruit bats (Chiroptera: Pteropodidae) of the Lesio-Louna Reserve, Bateke Plateau, Republic of Congo}},
    year = {2010},
    journal = {Mammalia},
    author = {King, Tony and Dallimer, Martin},
    number = {1},
    pages = {63--69},
    volume = {74},
    isbn = {0025-1461},
    doi = {10.1515/MAMM.2009.073},
    issn = {00251461},
    keywords = {Central Africa, Epomops franqueti, Micropteropus pusillus, Reproductive synchrony, Seasonality}
}

@article{Briand2014TheEmergency,
    title = {{The International Ebola Emergency}},
    year = {2014},
    journal = {New England Journal of Medicine},
    author = {Briand, Sylvie and Bertherat, Eric and Cox, Paul and Formenty, Pierre and Kieny, Marie-Paule and Myhre, Joel K. and Roth, Cathy and Shindo, Nahoko and Dye, Christopher},
    number = {13},
    month = {9},
    pages = {1180--1183},
    volume = {371},
    url = {http://www.nejm.org/doi/10.1056/NEJMp1409903 http://www.nejm.org/doi/10.1056/NEJMp1409858},
    isbn = {0028-4793},
    doi = {10.1056/NEJMp1409858},
    issn = {0028-4793},
    pmid = {20573919},
    arxivId = {arXiv:1011.1669v3}
}

@book{Smithers1971TheBotswana,
    title = {{The mammals of Botswana}},
    year = {1971},
    author = {Smithers, Reay H. N.},
    pages = {340},
    publisher = {Trustees of the National Museums of Rhodesia}
}

@article{Pourrut2005TheAfrica,
    title = {{The natural history of Ebola virus in Africa}},
    year = {2005},
    journal = {Microbes and Infection},
    author = {Pourrut, Xavier and Kumulungui, Brice and Wittmann, Tatiana and Moussavou, Ghislain and Delicat, Andre and Yaba, Philippe and Nkoghe, Dieudonne and Gonzalez, Jean-Paul and Leroy, Eric Maurice},
    number = {7-8},
    month = {6},
    pages = {1005--1014},
    volume = {7},
    url = {http://linkinghub.elsevier.com/retrieve/pii/S1286457905001437},
    doi = {10.1016/j.micinf.2005.04.006},
    issn = {12864579}
}

@article{Rulli2017TheOutbreaks,
    title = {{The nexus between forest fragmentation in Africa and Ebola virus disease outbreaks}},
    year = {2017},
    journal = {Scientific Reports},
    author = {Rulli, Maria Cristina and Santini, Monia and Hayman, David T.S. and D'Odorico, Paolo},
    number = {December 2016},
    pages = {1--8},
    volume = {7},
    publisher = {Nature Publishing Group},
    url = {http://dx.doi.org/10.1038/srep41613},
    isbn = {2045-2322 (Electronic)2045-2322 (Linking)},
    doi = {10.1038/srep41613},
    issn = {20452322},
    pmid = {28195145}
}

@book{Mcwilliam1987TheEnvironment,
    title = {{The reproductive and social biology of Coleura afra in a seasonal environment}},
    year = {1987},
    booktitle = {Recent advances in the study of bats},
    author = {Mcwilliam, Andrew N.},
    editor = {Racey, Paul A and Rayner, Jeremy and Fenton, Brock},
    pages = {324--350},
    publisher = {Cambridge University Press},
    isbn = {0521321603}
}

@article{McWilliam1988TheTropics,
    title = {{The reproductive cycle of male tomb bats, Taphozous hildegardeae (Chiroptera: Emballonuridae), in a seasonal environment of the African tropics}},
    year = {1988},
    journal = {Journal of Zoology},
    author = {McWilliam, Andrew N.},
    number = {3},
    month = {7},
    pages = {433--442},
    volume = {215},
    url = {http://doi.wiley.com/10.1111/j.1469-7998.1988.tb02850.x},
    doi = {10.1111/j.1469-7998.1988.tb02850.x},
    issn = {09528369}
}

@article{Cycles1906TheTransvaal,
    title = {{the Transvaal}},
    year = {1906},
    author = {Cycles, Reproductive and Minioterus, O F and Fra, Miniopterus and Thomas, Terculus}
}

@article{Grenfell2001TravellingEpidemics,
    title = {{Travelling waves and spatial hierarchies in measels epidemics}},
    year = {2001},
    journal = {Nature},
    author = {Grenfell, B T and Bj{\o}rnstad, O N and Kappey, J},
    number = {December},
    pages = {716--723},
    volume = {414}
}

@article{Han2016UndiscoveredFiloviruses,
    title = {{Undiscovered Bat Hosts of Filoviruses}},
    year = {2016},
    journal = {PLoS Neglected Tropical Diseases},
    author = {Han, Barbara A and Schmidt, John Paul and Alexander, Laura W and Bowden, Sarah E and Hayman, David T S and Drake, John M},
    number = {7},
    pages = {1--10},
    volume = {10},
    doi = {10.1371/journal.pntd.0004815},
    issn = {19352735}
}

@article{Pigott2016UpdatesAfrica,
    title = {{Updates to the zoonotic niche map of Ebola virus disease in Africa}},
    year = {2016},
    journal = {eLife},
    author = {Pigott, David M. and Millear, Anoushka I. and Earl, Lucas and Morozoff, Chloe and Han, Barbara A. and Shearer, Freya M. and Weiss, Daniel J. and Brady, Oliver J. and Kraemer, Moritz U.G. and Moyes, Catherine L. and Bhatt, Samir and Gething, Peter W. and Golding, Nick and Hay, Simon I.},
    number = {2016JULY},
    pages = {1--13},
    volume = {5},
    isbn = {2050-084X},
    doi = {10.7554/eLife.16412},
    issn = {2050084X},
    pmid = {27414263}
}

@book{Nowak1994WalkersWorld,
    title = {{Walker's Bats of the World}},
    year = {1994},
    author = {Nowak, Ronald M.},
    publisher = {John's Hopkins Iniversity Press},
    address = {Baltimore},
    isbn = {0-8018-4986-1}
}

@article{Walsh2005Wave-likeZaire,
    title = {{Wave-like spread of Ebola Zaire}},
    year = {2005},
    journal = {PLoS Biology},
    author = {Walsh, Peter D. and Biek, Roman and Real, Leslie A.},
    number = {11},
    pages = {1946--1953},
    volume = {3},
    isbn = {1544-9173},
    doi = {10.1371/journal.pbio.0030371},
    issn = {15449173},
    pmid = {16231972}
}

@article{Frick2017WorldclimArease,
    title = {{Worldclim 2: New 1-km spatial resolution climate surfaces for global land arease}},
    year = {2017},
    journal = {Internation Journal of Climatology},
    author = {Frick, S.E. and Hijmans, Robert J.}
}

@book{Anderson1902ZoologyMammalia,
    title = {{Zoology of Egypt: Mammalia}},
    year = {1902},
    author = {Anderson, John and De Winton, William E.},
    pages = {374}
}